<record><leader>00000cas a2200000 a 4500</leader><controlfield tag="001">44004342</controlfield><controlfield tag="007">hd afb---bucu</controlfield><controlfield tag="008">000508d19071908waudr nea     0    0eng c</controlfield><datafield ind1=" " ind2=" " tag="010"><subfield code="a">  2008252790</subfield></datafield><datafield ind1=" " ind2=" " tag="040"><subfield code="a">WRJ</subfield><subfield code="b">eng</subfield><subfield code="c">WRJ</subfield><subfield code="d">WAU</subfield><subfield code="d">OCLCQ</subfield><subfield code="d">OCLCF</subfield></datafield><datafield ind1=" " ind2=" " tag="042"><subfield code="a">pcc</subfield></datafield><datafield ind1=" " ind2=" " tag="043"><subfield code="a">n-us-wa</subfield></datafield><datafield ind1="0" ind2="4" tag="245"><subfield code="a">The morning times and Seattle daily bulletin</subfield><subfield code="h">[microform].</subfield></datafield><datafield ind1="3" ind2="0" tag="246"><subfield code="a">Morning times</subfield></datafield><datafield ind1=" " ind2=" " tag="260"><subfield code="a">Seattle, Wash. :</subfield><subfield code="b">Times Print. Co.,</subfield><subfield code="c">1907-1908.</subfield></datafield><datafield ind1=" " ind2=" " tag="300"><subfield code="a">v.</subfield></datafield><datafield ind1=" " ind2=" " tag="310"><subfield code="a">Published morning, evening, Sunday and weekly</subfield></datafield><datafield ind1="0" ind2=" " tag="362"><subfield code="a">Vol. 13, no. 104 (May 1, 1907)-v. 14, no. 313 (Dec. 31, 1908).</subfield></datafield><datafield ind1=" " ind2=" " tag="500"><subfield code="a">Volume numbering irregular.</subfield></datafield><datafield ind1=" " ind2=" " tag="533"><subfield code="a">Microfilm.</subfield><subfield code="b">Olympia, Wash. :</subfield><subfield code="c">Washington State Archives,</subfield><subfield code="d">1989.</subfield><subfield code="e">5 microfilm reels ; 35 mm.</subfield><subfield code="n">Filmed with: Seattle daily bulletin (Seattle Wash. : 1903), and: Seattle daily bulletin (Seattle, Wash. : 1909).</subfield></datafield><datafield ind1=" " ind2="0" tag="651"><subfield code="a">Seattle (Wash.)</subfield><subfield code="v">Newspapers.</subfield></datafield><datafield ind1=" " ind2="7" tag="655"><subfield code="a">Newspapers.</subfield><subfield code="2">fast</subfield><subfield code="0">(OCoLC)fst01423814</subfield></datafield><datafield ind1=" " ind2="7" tag="651"><subfield code="a">Washington (State)</subfield><subfield code="z">Seattle.</subfield><subfield code="2">fast</subfield><subfield code="0">(OCoLC)fst01204940</subfield></datafield><datafield ind1=" " ind2=" " tag="752"><subfield code="a">United Statese</subfield><subfield code="b">Washington</subfield><subfield code="c">King</subfield><subfield code="d">Seattle.</subfield></datafield><datafield ind1="1" ind2=" " tag="776"><subfield code="c">Original</subfield><subfield code="w">(DLC)sn 90098813</subfield><subfield code="w">(OCoLC)22425483</subfield></datafield><datafield ind1="0" ind2="0" tag="780"><subfield code="t">Seattle daily bulletin (Seattle, Wash. : 1903)</subfield><subfield code="w">(OCoLC)44004258</subfield></datafield><datafield ind1="0" ind2="4" tag="780"><subfield code="t">Times</subfield></datafield><datafield ind1="0" ind2="0" tag="785"><subfield code="t">Seattle daily bulletin (Seattle, Wash. : 1909)</subfield></datafield></record>